
@inproceedings{ZhangS12,
	Author = {Yi Zhang and Jeff G. Schneider},
	Booktitle = {Proceedings of the Fifteenth International Conference on Artificial Intelligence and Statistics, {AISTATS} 2012, La Palma, Canary Islands, April 21-23, 2012},
	Crossref = {DBLP:conf/aistats/2012},
	Pages = {1407--1415},
	Title = {A Composite Likelihood View for Multi-Label Classification},
	Year = {2012}}


@article{Alon2010,
	Author = {Alon, Noga and Chor, Benny and Pardi, Fabio and Rapoport, Anat},
	Journal = {IEEE/ACM Trans. Comput. Biol. Bioinformatics},
	Month = jan,
	Number = {1},
	Pages = {183--187},
	Title = {Approximate Maximum Parsimony and Ancestral Maximum Likelihood},
	Volume = {7},
	Year = {2010}}

