@incollection{Bottou_2012,
	Author = {Bottou, L.},
	Booktitle = {Neural Networks, Tricks of the Trade, Reloaded},
	Date-Added = {2016-05-23 09:59:15 +0000},
	Date-Modified = {2016-05-26 20:24:59 +0000},
	Pages = {430--445},
	Publisher = {Springer},
	Title = {Stochastic Gradient Tricks},
	Year = {2012},
	Bdsk-Url-1 = {http://leon.bottou.org/papers/bottou-tricks-2012}}

@article{Reid_Williamson_2010,
	Author = {Reid, M. and Williamson, R.},
	Date-Added = {2016-02-05 09:28:53 +0000},
	Date-Modified = {2016-05-26 07:52:22 +0000},
	Journal = {Journal of Machine Learning Research},
	Pages = {2387--2422},
	Title = {Composite Binary Losses},
	Volume = {11},
	Year = {2010}}

@inproceedings{Collobert_Weston_2008,
	Author = {Collobert, R. and Weston, J.},
	Booktitle = {ICML},
	Date-Added = {2016-02-04 16:21:52 +0000},
	Date-Modified = {2016-05-26 07:46:13 +0000},
	Pages = {160--167},
	Title = {A Unified Architecture for Natural Language Processing: Deep Neural Networks with Multitask Learning},
	Year = {2008},
	Bdsk-Url-1 = {http://doi.acm.org/10.1145/1390156.1390177},
	Bdsk-Url-2 = {http://dx.doi.org/10.1145/1390156.1390177}}

@inproceedings{Shrivastava_Ping_2014,
	Author = {Shrivastava, A. and Li, P.},
	Booktitle = {{NIPS} 27},
	Date-Added = {2016-02-04 15:57:10 +0000},
	Date-Modified = {2016-05-26 08:01:45 +0000},
	Pages = {2321--2329},
	Title = {Asymmetric {LSH} ({ALSH}) for Sublinear Time Maximum Inner Product Search ({MIPS})},
	Year = {2014},
	Bdsk-Url-1 = {http://papers.nips.cc/paper/5329-asymmetric-lsh-alsh-for-sublinear-time-maximum-inner-product-search-mips.pdf}}

@article{Yuan_et_al_2012,
	Author = {G.-X. Yuan and C.-H. Ho and C.-J. Lin},
	Date-Added = {2016-02-04 08:45:13 +0000},
	Date-Modified = {2016-05-26 19:40:05 +0000},
	Journal = {JMLR},
	Pages = {1999--2030},
	Title = {An improved {GLMNET} for {L1}-regularized logistic regression},
	Volume = {13},
	Year = {2012}}

@inproceedings{Hutter_et_al_2011,
	Author = {Hutter, F. and Hoos, H. and Leyton-Brown, K.},
	Booktitle = {Learning and Intelligent Optimization},
	Date-Added = {2016-02-03 15:22:11 +0000},
	Date-Modified = {2016-05-26 19:20:52 +0000},
	Pages = {507--523},
	Publisher = {Springer},
	Title = {Sequential model-based optimization for general algorithm configuration},
	Year = {2011}}

@article{Duchi_Singer_2009,
	Author = {Duchi, J. and Singer, Y.},
	Date-Added = {2016-02-03 05:53:27 +0000},
	Date-Modified = {2016-05-26 07:47:04 +0000},
	Journal = {JMLR},
	Pages = {2899--2934},
	Title = {Efficient Online and Batch Learning Using Forward Backward Splitting},
	Volume = {10},
	Year = {2009},
	Bdsk-Url-1 = {http://dl.acm.org/citation.cfm?id=1577069.1755882}}

@article{Agarwal_2014,
	Author = {S. Agarwal},
	Date-Added = {2016-02-03 05:49:01 +0000},
	Date-Modified = {2016-05-26 07:43:48 +0000},
	Journal = {JMLR},
	Pages = {1653-1674},
	Title = {Surrogate Regret Bounds for Bipartite Ranking via Strongly Proper Losses},
	Volume = {15},
	Year = {2014}}

@conference{Koyejo_et_al_2015,
	Author = {S. Koyejo and N. Natarajan and P. Ravikumar and I. Dhillon},
	Booktitle = {{NIPS} 29},
	Date-Added = {2016-02-03 05:38:57 +0000},
	Date-Modified = {2016-05-26 19:28:13 +0000},
	Pages = {3321--3329},
	Title = {Consistent Multilabel Classification},
	Year = {2015}}

@inproceedings{Mineiro_Karampatziakis_2015,
	Author = {P. Mineiro and N. Karampatziakis},
	Booktitle = {ECML/PKDD 2015},
	Date-Added = {2016-02-03 05:37:18 +0000},
	Date-Modified = {2016-05-26 07:50:06 +0000},
	Pages = {37--51},
	Title = {Fast Label Embeddings via Randomized Linear Algebra},
	Year = {2015},
	Bdsk-Url-1 = {http://dx.doi.org/10.1007/978-3-319-23528-8_3}}

@conference{Bhatia_et_al_2015,
	Author = {Bhatia, K. and Jain, H. and Kar, P. and Varma, M. and Jain, P.},
	Booktitle = {{NIPS} 29},
	Date-Added = {2016-02-03 05:32:25 +0000},
	Date-Modified = {2016-05-26 19:24:33 +0000},
	Pages = {730--738},
	Title = {Sparse Local Embeddings for Extreme Multi-label Classification},
	Year = {2015}}

@book{Breiman_et_al_1984,
	Address = {Monterey, CA},
	Author = {L. Breiman and J. Friedman and R. Olshen and C. Stone},
	Date-Added = {2015-10-18 09:13:24 +0000},
	Date-Modified = {2015-10-18 11:32:28 +0000},
	Publisher = {Wadsworth and Brooks},
	Title = {{Classification and Regression Trees}},
	Year = {1984}}

@inproceedings{Jasinska_Dembczynski_2015,
	Author = {K. Jasinska and K. Dembczy{\'n}ski},
	Booktitle = {The ICML Workshop on Extreme Classification},
	Date-Added = {2015-10-17 07:53:05 +0000},
	Date-Modified = {2016-05-26 07:48:01 +0000},
	Title = {Consistent Label Tree Classifiers for Extreme Multi-Label Classification},
	Year = {2015}}

@inproceedings{Morin_Bengio_2005,
	Author = {F. Morin and Y. Bengio},
	Booktitle = {AISTATS},
	Date-Added = {2015-10-17 07:51:46 +0000},
	Date-Modified = {2016-05-26 07:50:15 +0000},
	Pages = {246--252},
	Title = {Hierarchical probabilistic neural network language model},
	Year = {2005}}

@inproceedings{Prabhu_Varma_2014,
	Author = {Prabhu, Y. and Varma, M.},
	Booktitle = {KDD},
	Date-Added = {2015-10-17 07:51:46 +0000},
	Date-Modified = {2016-05-26 07:52:11 +0000},
	Keywords = {extreme classification, multi-label learning, ranking},
	Pages = {263--272},
	Publisher = {ACM},
	Title = {{FastXML}: A Fast, Accurate and Stable Tree-classifier for Extreme Multi-label Learning},
	Year = {2014},
	Bdsk-Url-1 = {http://doi.acm.org/10.1145/2623330.2623651},
	Bdsk-Url-2 = {http://dx.doi.org/10.1145/2623330.2623651}}

@article{Partalas_et_al_2015,
	Author = {I. Partalas and A. Kosmopoulos and N. Baskiotis and T. Arti{\`{e}}res and G. Paliouras and {\'{E}}. Gaussier and I. Androutsopoulos and M.-R. Amini and P. Gallinari},
	Date-Added = {2015-10-17 07:41:18 +0000},
	Date-Modified = {2016-05-26 07:52:01 +0000},
	Journal = {CoRR},
	Title = {{LSHTC:} {A} Benchmark for Large-Scale Text Classification},
	Year = {2015},
	Bdsk-Url-1 = {http://arxiv.org/abs/1503.08581}}

@inproceedings{Busa-Fekete_et_al_2015,
	Author = {R. Busa-Fekete and B. Sz\"{o}r\'{e}nyi and K. Dembczy{\'n}ski and E. H{\"{u}}llermeier},
	Booktitle = {{NIPS} 29},
	Date-Added = {2015-10-17 06:59:18 +0000},
	Date-Modified = {2016-05-26 19:13:10 +0000},
	Pages = {595--603},
	Title = {Online {F}-Measure Optimization},
	Year = {2015}}

@inproceedings{Kotlowski_Dembczynski_2015,
	Author = {W. Kot{\l}owski and K. Dembczynski},
	Booktitle = {ACML},
	Date-Added = {2015-10-17 06:54:01 +0000},
	Date-Modified = {2016-05-26 07:48:39 +0000},
	Title = {Surrogate regret bounds for generalized classification performance metrics},
	Year = {2015}}

@article{Waegeman_et_al_2014,
	Author = {W. Waegeman and K. Dembczynski and A. Jachnik and W. Cheng and E. H{\"{u}}llermeier},
	Date-Added = {2015-10-17 06:52:44 +0000},
	Date-Modified = {2016-05-26 07:53:56 +0000},
	Journal = {Journal of Machine Learning Research},
	Number = {1},
	Pages = {3333--3388},
	Title = {On the Bayes-optimality of F-measure maximizers},
	Volume = {15},
	Year = {2014}}

@inproceedings{Parambath_et_al_2014,
	Author = {P. Parambath and N. Usunier and Y. Grandvalet},
	Booktitle = {{NIPS} 27},
	Date-Added = {2015-10-17 06:52:09 +0000},
	Date-Modified = {2016-05-26 07:51:19 +0000},
	Keywords = {F-measure},
	Pages = {2123--2131},
	Title = {Optimizing F-Measures by Cost-Sensitive Classification},
	Year = {2014}}

@inproceedings{Narasimhan_et_al_2014,
	Author = {Narasimhan, H. and Vaish, R. and Agarwal S.},
	Booktitle = {{NIPS} 27},
	Date-Added = {2015-10-17 06:51:03 +0000},
	Date-Modified = {2016-05-26 19:29:32 +0000},
	Pages = {1493--1501},
	Title = {On the Statistical Consistency of Plug-in Classifiers for Non-decomposable Performance Measures},
	Year = {2014}}

@inproceedings{Ye_et_al_2012,
	Author = {Ye, N. and Chai, A. and Lee, W. and Chieu, H.},
	Booktitle = {ICML},
	Date-Added = {2015-10-17 06:50:10 +0000},
	Date-Modified = {2016-05-26 19:34:49 +0000},
	Title = {Optimizing {F}-measures: {A} Tale of Two Approaches},
	Year = {2012}}

@inproceedings{Koyejo_et_al_2014,
	Author = {S. Koyejo and N. Natarajan and P. Ravikumar and I. Dhillon},
	Booktitle = {{NIPS} 27},
	Date-Added = {2015-10-17 06:49:21 +0000},
	Date-Modified = {2016-05-26 07:49:00 +0000},
	Keywords = {F-measure},
	Pages = {2744--2752},
	Title = {Consistent Binary Classification with Generalized Performance Metrics},
	Year = {2014}}

@inproceedings{Choromanska_Langford_2015,
	Author = {Choromanska, A. and Langford, J.},
	Booktitle = {{NIPS} 29},
	Date-Added = {2015-06-05 19:21:58 +0000},
	Date-Modified = {2016-05-26 19:09:19 +0000},
	Pages = {55--63},
	Title = {Logarithmic time online multiclass prediction},
	Year = {2015}}

@article{scikit-learn,
	Author = {Pedregosa, F. and Varoquaux, G. and Gramfort, A. and Michel, V. and Thirion, B. and Grisel, O. and Blondel, M. and Prettenhofer, P. and Weiss, R. and Dubourg, V. and Vanderplas, J. and Passos, A. and Cournapeau, D. and Brucher, M. and Perrot, M. and Duchesnay, E.},
	Date-Added = {2015-05-01 07:59:21 +0000},
	Date-Modified = {2015-05-01 07:59:21 +0000},
	Journal = {Journal of Machine Learning Research},
	Pages = {2825--2830},
	Title = {Scikit-learn: Machine Learning in {P}ython},
	Volume = {12},
	Year = {2011}}

@conference{Weinberger_et_al_2009,
	Author = {Weinberger, K.Q. and Dasgupta, A. and Langford, J. and Smola, A. and Attenberg, J.},
	Booktitle = {ICML},
	Issn = {1532-4435},
	Organization = {ACM},
	Pages = {1113-1120},
	Title = {{Feature hashing for large scale multitask learning}},
	Year = {2009}}

@inproceedings{Agrawal_et_al_2013,
	Author = {Agrawal, R. and Gupta, A. and Prabhu, Y. and Varma, M.},
	Booktitle = {WWW},
	Date-Modified = {2016-05-26 19:07:24 +0000},
	Pages = {13--24},
	Publisher = {ACM},
	Title = {Multi-label learning with millions of labels: Recommending advertiser bid phrases for web pages},
	Year = {2013}}

@inproceedings{Kumar_et_al_2013,
	Author = {Kumar, A. and Vembu, S. and Menon, A.K. and Elkan, C.},
	Booktitle = {Machine Learning},
	Title = {Beam search algorithms for multilabel learning},
	Year = {2013}}

@inproceedings{Tai_and_Lin_2012,
	Author = {Tai, F. and Lin, H.-T.},
	Booktitle = {Neural Computat.},
	Pages = {2508-2542},
	Title = {Multi-label Classification with Principal Label Space Transformation},
	Volume = {9},
	Year = {2012}}

@inproceedings{Bottou_2010,
	Author = {Bottou, L.},
	Booktitle = {COMPSTAT},
	Date-Modified = {2016-05-26 07:44:45 +0000},
	Pages = {177--187},
	Publisher = {Springer},
	Title = {Large-Scale Machine Learning with Stochastic Gradient Descent},
	Year = {2010},
	Bdsk-Url-1 = {http://leon.bottou.org/papers/bottou-2010}}

@misc{Langford_et_al_2007,
	Author = {Langford, J. and Strehl, A. and Li, L.},
	Note = {\url{http://mloss.org/software/view/53/}},
	Title = {Vowpal Wabbit},
	Year = {2007}}

@inproceedings{Dembczynski_et_al_2013,
	Author = {Dembczynski, K. and Jachnik, A. and Kotlowski, W. and Waegeman, W. and H{\"u}llermeier, E.},
	Booktitle = {ICML},
	Title = {Optimizing the F-Measure in Multi-Label Classification: Plug-in Rule Approach versus Structured Loss Minimization},
	Year = {2013}}

@inproceedings{Dembczynski_et_al_2010c,
	Author = {Dembczy{\'n}ski, K. and Cheng, W. and H\"ullermeier, E.},
	Booktitle = {ICML},
	Date-Modified = {2016-05-26 19:13:51 +0000},
	Location = {Haifa, Israel},
	Pages = {279--286},
	Title = {Bayes Optimal Multilabel Classification via Probabilistic Classifier Chains},
	Year = {2010}}

@inproceedings{Dembczynski_et_al_2010e,
	Author = {Dembczy{\'n}ski, K. and Waegeman, W. and Cheng, W. and H\"ullermeier, E.},
	Booktitle = {MLD, in ICML/COLT},
	Location = {Haifa, Israel},
	Title = {On Label Dependence in Multi-Label Classification},
	Year = {2010}}

@inproceedings{Dembczynski_et_al_2011,
	Author = {Dembczy{\'n}ski, K. and Waegeman, W. and Cheng, W. and H\"ullermeier, E.},
	Booktitle = {{NIPS} 25},
	Date-Modified = {2016-05-26 19:10:08 +0000},
	Title = {An exact algorithm for {F}-measure maximization},
	Volume = {25},
	Year = {2011}}

@article{Dembczynski_et_al_2012a,
	Author = {Dembczy{\'n}ski, K. and Kot{\l}owski, W. and Waegeman, W. and Cheng, W. and H{\"u}llermeier, E.},
	Journal = {Machine Learning},
	Pages = {5-45},
	Title = {On Loss Minimization and Label Dependence in Multi-Label Classification},
	Volume = {88},
	Year = {2012}}

@inproceedings{Dembczynski_et_al_2012c,
	Author = {Dembczy{\'n}ski, K. and Waegeman, W. and Cheng, W. and H\"ullermeier, E.},
	Booktitle = {ECAI},
	Title = {An analysis of chaining in multi-label classification},
	Year = {2012}}

@inproceedings{Hariharan_et_al_2010,
	Author = {Hariharan, B. and Zelnik-Manor, L. and Vishwanathan, S.V.N. and Varma, M.},
	Booktitle = {ICML},
	Location = {Haifa, Israel},
	Publisher = {Omnipress},
	Title = {Large Scale Max-Margin Multi-Label Classification with Priors},
	Year = {2010}}

@book{Hastie_et_al_2003,
	Author = {Hastie, T. and Tibshirani, R. and Friedman, J.H.},
	Publisher = {Springer},
	Title = {Elements of Statistical Learning: Data Mining, Inference, and Prediction},
	Year = {2003}}

@inproceedings{Hsu_et_al_2009,
	Author = {Hsu, D. and Kakade, S. and Langford, J. and Zhang, T.},
	Booktitle = {NIPS},
	Title = {Multi-Label Prediction via Compressed Sensing},
	Year = {2009}}

@inproceedings{Read_et_al_2009,
	Author = {Read, J. and Pfahringer, B. and Holmes, G. and Frank, E.},
	Booktitle = {ECML/PKDD},
	Pages = {254-269},
	Title = {Classifier Chains for Multi-label Classification},
	Year = {2009}}

@article{rijsbergen74,
	Author = {van Rijsbergen, C. J.},
	Journal = {Journal of Documentation},
	Number = {4},
	Pages = {365-373},
	Title = {Foundation of Evaluation},
	Volume = {30},
	Year = {1974}}

@inproceedings{suzuki06,
	Author = {Suzuki, J. and McDermott, E. and Isozaki, H.},
	Booktitle = {ACL},
	Owner = {cheng},
	Pages = {217-224},
	Title = {Training Conditional Random Fields with Multivariate Evaluation Measures},
	Year = {2006}}

@inproceedings{Tai_Lin_2010,
	Author = {Tai, F. and Lin, H.-T.},
	Booktitle = {MLD in ICML/COLT},
	Location = {Haifa, Israel},
	Title = {Multi-label Classification with Principle Label Space Transformation},
	Year = {2010}}

@article{Tsochantaridis_et_al_2005,
	Author = {Tsochantaridis, Y. and Joachims, T. and Hofmann, T. and Altun, Y.},
	Journal = {JMLR},
	Pages = {1453-1484},
	Title = {Large Margin Methods for Structured and Interdependent Output Variables},
	Volume = {6},
	Year = {2005}}

@inproceedings{Tsoumakas_et_al_2010,
	Author = {Tsoumakas, G. and Katakis, I. and Vlahavas, I.},
	Booktitle = {Data Mining and Knowledge Discovery Handbook},
	Edition = {2nd edition},
	Editor = {O. Maimon and L. Rokach},
	Publisher = {Springer},
	Title = {Mining Multi-label Data},
	Year = {2010}}

@article{Yu_et_al_2006,
	Author = {Yu, S. and Yu, K. and Tresp, V. and Kriegel, H.-P.},
	Journal = {IEEE Trans. on Knowl. and Data Eng.},
	Number = {12},
	Pages = {1600-1613},
	Title = {Multi-Output Regularized Feature Projection},
	Volume = {18},
	Year = {2006}}

@inproceedings{zhang10,
	Author = {Zhang, X. and Graepel, T. and Herbrich, R.},
	Booktitle = {AISTATS},
	Pages = {956-963},
	Title = {Bayesian Online Learning for Multi-Label and Multi-Variate Performance Measures},
	Year = {2010}}

@article{zhang98,
	Author = {Zhang, H.},
	Journal = {JASA},
	Number = {441},
	Pages = {180-193},
	Title = {Classification Trees for Multiple Binary Responses},
	Volume = {93},
	Year = {1998}}

@inproceedings{jansche07,
	Author = {Jansche, M.},
	Booktitle = {ACL},
	Pages = {736-743},
	Title = {A Maximum Expected Utility Framework for Binary Sequence Labeling},
	Year = {2007}}

@techreport{fan07,
	Author = {Fan, R.-E. and Lin, C.-J.},
	Institution = {Department of Computer Science, National Taiwan University},
	Title = {A Study on Threshold Selection for Multi-Label Classification},
	Year = {2007}}

@article{tague92,
	Author = {J. Tague-Sutcliffe},
	Date-Modified = {2016-05-26 07:53:29 +0000},
	Journal = {Information Processing \& Management (Pergamon Press)},
	Number = {4},
	Pages = {467-490},
	Title = {The Pragmatics of Information Retrieval Experimentation, Revisited},
	Volume = {28},
	Year = {1992}}

@inproceedings{lewis95,
	Author = {D. Lewis},
	Booktitle = {SIGIR},
	Date-Modified = {2016-05-26 19:28:24 +0000},
	Pages = {246--254},
	Title = {Evaluating and Optimizing Autonomous Text Classification Systems},
	Year = {1995}}

@inproceedings{yang01,
	Author = {Y. Yang},
	Booktitle = {SIGIR},
	Date-Modified = {2016-05-26 07:54:16 +0000},
	Number = {9},
	Pages = {137-145},
	Title = {A Study of Thresholding Strategies for Text Categorization},
	Year = {2001}}

@article{mulan,
	Author = {G. Tsoumakas and E. Spyromitros-Xioufis and J. Vilcek and I. Vlahavas},
	Date-Modified = {2016-05-26 07:50:32 +0000},
	Journal = {JMLR},
	Pages = {2411-2414},
	Title = {Mulan: A Java Library for Multi-Label Learning},
	Volume = {12},
	Year = {2011}}

@inproceedings{Petterson_Caetano_2011,
	Author = {J. Petterson and T. S. Caetano},
	Booktitle = {Advances in Neural Information Processing Systems 24},
	Pages = {1512--1520},
	Title = {Submodular Multi-Label Learning},
	Year = {2011}}

@inproceedings{Petterson_Caetano_2010,
	Author = {J. Petterson and T. S. Caetano},
	Booktitle = {Advances in Neural Information Processing Systems 24},
	Pages = {1912-1920},
	Title = {Reverse Multi-Label Learning},
	Year = {2010}}

@inproceedings{Weston_et_al_2013,
	Author = {J. Weston and A. Makadia and H. Yee},
	Booktitle = {ICML},
	Date-Modified = {2016-05-26 19:32:00 +0000},
	Pages = {181--189},
	Title = {Label Partitioning For Sublinear Ranking},
	Year = {2013}}

@inproceedings{Beygelzimer_et_al_2009a,
	Author = {A. Beygelzimer and J. Langford and P. Ravikumar},
	Booktitle = {ALT},
	Date-Modified = {2016-05-26 19:08:08 +0000},
	Pages = {247--262},
	Publisher = {Springer},
	Title = {Error-Correcting Tournaments},
	Year = {2009}}

@inproceedings{Beygelzimer_et_al_2009b,
	Author = {A. Beygelzimer and J. Langford and Y. Lifshits and G. Sorkin and A. Strehl},
	Booktitle = {UAI},
	Date-Modified = {2016-05-26 07:44:28 +0000},
	Pages = {51-58},
	Title = {Conditional Probability Tree Estimation Analysis and Algorithms},
	Year = {2009}}

@inproceedings{Cisse_et_al_2013,
	Author = {M. Cisse and N. Usunier and T. Arti\`{e}res and P. Gallinari},
	Booktitle = {{NIPS} 26},
	Date-Modified = {2016-05-26 19:09:32 +0000},
	Pages = {1851--1859},
	Title = {Robust {B}loom Filters for Large MultiLabel Classification Tasks},
	Year = {2013}}

@inproceedings{Ng_et_al_2001,
	Author = {A. Ng and M. Jordan and Y. Weiss},
	Booktitle = {Advances in NIPS},
	Date-Modified = {2016-05-26 07:50:51 +0000},
	Pages = {849--856},
	Publisher = {MIT Press},
	Title = {On Spectral Clustering: Analysis and an algorithm},
	Year = {2001}}

@inproceedings{Tsoumakas_et_al_2008,
	Author = {G. Tsoumakas and I. Katakis and I. Vlahavas},
	Booktitle = {Proc. ECML/PKDD 2008 Workshop on Mining Multidimensional Data},
	Title = {Effective and Efficient Multilabel Classification in Domains with Large Number of Labels},
	Year = {2008}}

@inproceedings{Deng_et_al_2011,
	Author = {Deng, J. and Satheesh, S. and Berg, A. C. and Fei-Fei, L.},
	Booktitle = {{NIPS} 24},
	Date-Modified = {2016-05-26 19:19:35 +0000},
	Pages = {567-575},
	Title = {Fast and Balanced: Efficient Label Tree Learning for Large Scale Object Recognition},
	Year = {2011}}

@inproceedings{Bengio_et_al_2010,
	Added-At = {2011-11-14T00:00:00.000+0100},
	Author = {Bengio, S. and Weston, J. and Grangier, D.},
	Booktitle = {{NIPS} 24},
	Date-Modified = {2016-05-26 19:03:13 +0000},
	Pages = {163--171},
	Title = {Label Embedding Trees for Large Multi-Class Tasks},
	Year = 2010}

@inproceedings{Dekel_Shamir_2010,
	Author = {Dekel, O. and Shamir, O.},
	Booktitle = {AISTATS},
	Date-Modified = {2016-02-04 23:07:27 +0000},
	Pages = {137--144},
	Title = {Multiclass-Multilabel Classification with More Classes than Examples},
	Year = {2010}}

@inproceedings{Li_Lin_2014,
	Author = {Ch.-L. Li and H.-Ti. Lin},
	Booktitle = {ICML},
	Date-Modified = {2016-05-26 07:49:54 +0000},
	Pages = {423-431},
	Title = {Condensed Filter Tree for Cost-Sensitive Multi-Label Classification},
	Year = {2014}}

@inproceedings{Deng_et_al_2009,
	Author = {Deng, J. and Dong, W. and Socher, R. and Li, L.-J. and Li, K. and Fei-Fei, L.},
	Booktitle = {CVPR},
	Date-Modified = {2016-05-26 19:17:50 +0000},
	Pages = {248---255},
	Title = {Image{N}et: A large-scale hierarchical image database},
	Year = {2009}}

@article{Zhao_et_al_2013,
	Author = {M.-J. Zhao and N. Edakunni and A. Pocock and G. Brown},
	Date-Modified = {2016-05-26 19:36:52 +0000},
	Journal = {JMLR},
	Pages = {1033--1090},
	Title = {Beyond {F}ano's Inequality: {Bounds on the Optimal F-Score, BER, and Cost-Sensitive Risk and Their Implications}},
	Volume = {14},
	Year = {2013}}

@article{liblinear,
	Author = {R.-E. Fan and K.-W. Chang and C.-J. Hsieh and X.-R. Wang and C.-J. Lin},
	Date-Modified = {2016-02-04 23:08:43 +0000},
	Journal = {JMLR},
	Pages = {1871--1874},
	Title = {{LIBLINEAR}: A Library for Large Linear Classification},
	Volume = {9},
	Year = {2008}}

@article{Vens_et_al_2008,
	Author = {Vens, C. and Struyf, J. and Schietgat, L. and Dzeroski, S. and Blockeel, H.},
	Journal = {Machine Learning},
	Number = {2},
	Pages = {185--214},
	Title = {Decision trees for hierarchical multi-label classification},
	Volume = {73},
	Year = {2008}}

@inproceedings{Tsuruoka2009,
	Address = {Stroudsburg, PA, USA},
	Author = {Tsuruoka, Yoshimasa and Tsujii, Jun'ichi and Ananiadou, Sophia},
	Booktitle = {Proceedings of the Joint Conference of the 47th Annual Meeting of the ACL and the 4th International Joint Conference on Natural Language Processing of the AFNLP: Volume 1 - Volume 1},
	Pages = {477--485},
	Publisher = {Association for Computational Linguistics},
	Series = {ACL '09},
	Title = {Stochastic Gradient Descent Training for L1-regularized Log-linear Models with Cumulative Penalty},
	Year = {2009}}

@article{DiJi14,
	Author = {D. Kingma and J. Ba},
	Date-Modified = {2016-05-26 07:46:54 +0000},
	Journal = {CoRR},
	Title = {Adam: {A} Method for Stochastic Optimization},
	Volume = {abs/1412.6980},
	Year = {2014}}
